<?xml version="1.0" encoding="UTF-8"?><collection xmlns="http://www.loc.gov/MARC21/slim"><record><leader>00656nam--2200217-u-4500</leader><controlfield tag="001">000053420</controlfield><controlfield tag="002">20161230</controlfield><controlfield tag="005">20161230201051</controlfield><controlfield tag="008">110404s1000------------r-----000-0-eng-d</controlfield><datafield ind1=" " ind2=" " tag="020"><subfield code="a">3110152681</subfield></datafield><datafield ind1=" " ind2=" " tag="040"><subfield code="a">IFIN-HH</subfield></datafield><datafield ind1=" " ind2=" " tag="080"><subfield code="a">530.145.6</subfield></datafield><datafield ind1="1" ind2=" " tag="100"><subfield code="a">Hofmann, Karl H</subfield></datafield><datafield ind1="1" ind2="0" tag="245"><subfield code="a">The structure of compact groups</subfield><subfield code="b">A primer for the student - a handbook for the expert</subfield><subfield code="c">Karl h. hofmann; sidney a. morris</subfield></datafield><datafield ind1=" " ind2=" " tag="260"><subfield code="a">Berlin</subfield><subfield code="b">Walter De Gruyter</subfield><subfield code="c">1998</subfield></datafield><datafield ind1=" " ind2=" " tag="300"><subfield code="a">835P</subfield></datafield><datafield ind1=" " ind2=" " tag="490"><subfield code="a">De Gruyter Studies In Mathematics</subfield><subfield code="v">Vol. 25</subfield></datafield><datafield ind1=" " ind2="4" tag="650"><subfield code="a">Compact Groups</subfield></datafield><datafield ind1="1" ind2=" " tag="700"><subfield code="a">Morris, Sidney A</subfield></datafield><datafield ind1=" " ind2=" " tag="852"><subfield code="a">81456</subfield><subfield code="c">530.145</subfield></datafield><datafield ind1=" " ind2=" " tag="CAT"><subfield code="a">Sys</subfield><subfield code="c">20110404</subfield><subfield code="h">093333</subfield></datafield></record></collection>